<record><leader>00000cas a2200000 a 4500</leader><controlfield tag="001">2251243</controlfield><controlfield tag="008">760620d18221838mouwr ne      0    0eng d</controlfield><controlfield tag="009">501</controlfield><datafield ind1=" " ind2=" " tag="010"><subfield code="a">sn 83025377 </subfield></datafield><datafield ind1=" " ind2=" " tag="040"><subfield code="a">MUL</subfield><subfield code="b">eng</subfield><subfield code="c">MUL</subfield><subfield code="d">NPV</subfield><subfield code="d">NPW</subfield><subfield code="d">DLC</subfield><subfield code="d">NPU</subfield><subfield code="d">NPT</subfield><subfield code="d">NPX</subfield><subfield code="d">MQN</subfield><subfield code="d">NYS</subfield><subfield code="d">YOX</subfield><subfield code="d">NVF</subfield><subfield code="d">MQN</subfield><subfield code="d">CNK</subfield><subfield code="d">MQN</subfield><subfield code="d">NVF</subfield><subfield code="d">NVK</subfield><subfield code="d">OBN</subfield><subfield code="d">OCL</subfield><subfield code="d">KRTAS</subfield><subfield code="d">CUI</subfield><subfield code="d">DLC</subfield><subfield code="d">OCLCF</subfield></datafield><datafield ind1="1" ind2=" " tag="029"><subfield code="a">AU@</subfield><subfield code="b">000025812343</subfield></datafield><datafield ind1=" " ind2=" " tag="042"><subfield code="a">msc</subfield></datafield><datafield ind1=" " ind2=" " tag="043"><subfield code="a">n-us-mo</subfield></datafield><datafield ind1=" " ind2=" " tag="045"><subfield code="a">w2x1</subfield></datafield><datafield ind1="0" ind2="0" tag="050"><subfield code="a">Newspaper</subfield></datafield><datafield ind1=" " ind2="4" tag="050"><subfield code="a">AN</subfield></datafield><datafield ind1=" " ind2=" " tag="052"><subfield code="a">4163</subfield><subfield code="b">S35</subfield></datafield><datafield ind1="0" ind2=" " tag="130"><subfield code="a">Missouri republican (Saint Louis, Mo. : 1822)</subfield></datafield><datafield ind1="1" ind2="0" tag="245"><subfield code="a">Missouri republican.</subfield></datafield><datafield ind1="1" ind2="3" tag="246"><subfield code="a">Republican</subfield></datafield><datafield ind1=" " ind2=" " tag="260"><subfield code="a">St. Louis, Mo. :</subfield><subfield code="b">Edward Charless</subfield></datafield><datafield ind1=" " ind2=" " tag="300"><subfield code="a">v.</subfield></datafield><datafield ind1=" " ind2=" " tag="310"><subfield code="a">Weekly</subfield></datafield><datafield ind1="0" ind2=" " tag="362"><subfield code="a">Vol. 1, no. 1 (Mar. 20, 1822)-v. 15, no. 35 (Jan. 20, 1838).</subfield></datafield><datafield ind1=" " ind2=" " tag="515"><subfield code="a">Issues for July 8, 1837-Jan. 20, 1838 also called new ser. v. 3.</subfield></datafield><datafield ind1=" " ind2=" " tag="530"><subfield code="a">Available on microfilm from the Kansas State Historical Society.</subfield></datafield><datafield ind1=" " ind2=" " tag="580"><subfield code="a">Triweekly ed.: Missouri republican (Saint Louis, Mo. : 1833), 1833-1838.</subfield></datafield><datafield ind1=" " ind2=" " tag="580"><subfield code="a">Daily eds.: Missouri republican (Saint Louis, Mo. : 1836), 1836-1837, and: Daily Missouri republican (Saint Louis, Mo. : 1837), 1837-1838.</subfield></datafield><datafield ind1=" " ind2="0" tag="651"><subfield code="a">Saint Louis (Mo.)</subfield><subfield code="v">Newspapers.</subfield></datafield><datafield ind1=" " ind2="7" tag="655"><subfield code="a">Newspapers.</subfield><subfield code="2">fast</subfield><subfield code="0">(OCoLC)fst01423814</subfield></datafield><datafield ind1=" " ind2="7" tag="651"><subfield code="a">Missouri</subfield><subfield code="z">Saint Louis.</subfield><subfield code="2">fast</subfield><subfield code="0">(OCoLC)fst01204930</subfield></datafield><datafield ind1=" " ind2=" " tag="752"><subfield code="a">United States</subfield><subfield code="b">Missouri</subfield><subfield code="d">Saint Louis.</subfield></datafield><datafield ind1="1" ind2=" " tag="775"><subfield code="t">Missouri republican (Saint Louis, Mo. : 1833)</subfield><subfield code="w">(DLC)sn 93060398</subfield><subfield code="w">(OCoLC)28920000</subfield></datafield><datafield ind1="1" ind2=" " tag="775"><subfield code="t">Missouri republican (Saint Louis, Mo. : 1836)</subfield><subfield code="w">(DLC)sn 93060396</subfield><subfield code="w">(OCoLC)28920020</subfield></datafield><datafield ind1="1" ind2=" " tag="775"><subfield code="t">Daily Missouri republican (Saint Louis, Mo. : 1837)</subfield><subfield code="w">(DLC)sn 83045140</subfield><subfield code="w">(OCoLC)2251598</subfield></datafield><datafield ind1="0" ind2="8" tag="776"><subfield code="i">Online version:</subfield><subfield code="t">Missouri republican (Saint Louis, Mo. : 1822 : Online)</subfield><subfield code="w">(OCoLC)656437700</subfield></datafield><datafield ind1="0" ind2="0" tag="785"><subfield code="t">Missouri republican for the country</subfield><subfield code="w">(DLC)sn 87052201</subfield><subfield code="w">(OCoLC)15205021</subfield></datafield><datafield ind1=" " ind2=" " tag="938"><subfield code="a">Kirtas Technologies, Inc.</subfield><subfield code="b">KRTS</subfield><subfield code="n">734115</subfield></datafield></record>